@article{Katyal:2014ws,
author = {Katyal, Mayanka and Mishra, Atul},
title = {{A Comparative Study of Load Balancing Algorithms in Cloud Computing Environment[D]}},
journal = {arXiv.org},
year = {2014},
eprint = {1403.6918v1},
eprinttype = {arxiv},
eprintclass = {cs.DC},
month = mar,
annote = {14 pages,International Journal of Distributed and Cloud
  Computing,PublishingIndia.com,
  http://www.publishingindia.com/IJDCC/68/a-comparative-study-of-load-balancing-algorithms-in-cloud-computing-environment/277/2041/}
}
@article{李坤2009服务器集群负载均衡技术研究及算法比较,
  title={服务器集群负载均衡技术研究及算法比较[~~]},
  author={李坤，王百杰},
  journal={计算机与现代化},
  number={8},
  pages={7--10},
  year={2009}
}

@article{田野2016物联网海量异构数据存储与共享策略研究,
  title={物联网海量异构数据存储与共享策略研究[~~]},
  author={田野，袁博，李廷力},
  journal={电子学报},
  volume={44},
  number={2},
  pages={247--257},
  year={2016}
}

@misc{Nginx从入门到精通,
  author = {Taobao},
  title = {Nginx从入门到精通},
  howpublished = {[EB/OL]},
  note = {\url{http://tengine.taobao.org/book/index.html}},
  year = 2012,
}


@book{TCP/IP详解,
  title={用 TCP/IP 进行网际互联},
  author={Comer, Douglas E},
  year={2001},
  publisher={电子工业出版社}
}

@book{高性能Linux服务器构建实战,
  title={高性能Linux服务器构建实战-系统安全、故障排除、自动化运维与集群架构},
  author={高俊峰},
  year={2014},
  publisher={机械工业出版社}
}

@misc{nginx加权轮训详解,
  author = {zhangskd},
  title = {Nginx的负载均衡-加权轮询 (Weighted Round Robin) 上篇},
  howpublished = {[EB/OL]},
  note = {\url{http://blog.csdn.net/zhangskd/article/details/50194069}},
  year = 2015,
}
@misc{ulimit详解,
  author = {叶光昶，潘宁河，孙翎},
  title = {通过ulimit改善系统性能},
  howpublished = {[EB/OL]},
  note = {\url{http://www.ibm.com/developerworks/cn/linux/l-cn-ulimit/}},
  year = 2009,
}
@article{Mineraud:2015wx,
author = {Mineraud, Julien and Mazhelis, Oleksiy and Su, Xiang and Tarkoma, Sasu},
title = {{Contemporary Internet of Things platforms[D]}},
journal = {arXiv.org},
year = {2015},
eprint = {1501.07438v1},
eprinttype = {arxiv},
eprintclass = {cs.OH},
month = jan,
annote = {6 pages, 0 figure, techreport, review of IoT platforms}
}
@misc{RESTfulAPI设计指南,
  author = {阮一峰},
  title = {RESTfulAPI设计指南},
  howpublished = {[EB/OL]},
  note = {\url{http://www.ruanyifeng.com/blog/2014/05/restful_api.html}},
  year = 2014,
}
@misc{nginx机制,
  author = {Owen Garrett},
  title = {inside-nginx-how-we-designed-for-performance-scale},
  howpublished = {[EB/OL]},
  note = {\url{https://www.nginx.com/blog/inside-nginx-how-we-designed-for-performance-scale/}},
  year = 2015,
}
@misc{nodewiki,
  author = {Wikipedia},
  title = {Node.js},
  howpublished = {[EB/OL]},
  note = {\url{https://zh.wikipedia.org/wiki/Node.js}},
}
@misc{mongodbwiki,
  author = {Wikipedia},
  title = {MongoDB},
  howpublished = {[EB/OL]},
  note = {\url{https://zh.wikipedia.org/wiki/MongoDB}},
}


@phdthesis{fielding2000architectural,
  title={Architectural styles and the design of network-based software architectures[D]},
  author={Fielding, Roy Thomas},
  year={2000},
  school={University of California, Irvine}
}